
@book{smldef,
 author    = {Milner, Robin and Tofte, Mads and Macqueen, David},
 title     = {The  Definition of Standard ML},
 year      = {1997},
 isbn      = {0262631814},
 publisher = {MIT Press},
 address   = {Cambridge, MA, USA},
}

@misc{hamlet,
  author       = {Andreas Rossberg},
  title        = {{HaMLet}},
  howpublished = {\url{https://people.mpi-sws.org/~rossberg/hamlet/}},
  note         = {Accessed Oct. 2019}
}
